@movie{amazon1,
    title =   {Amazon Empire: The Rise and Reign of Jeff Bezos},
    director = {James Jacoby},
    year = {2020},
    publisher = {PBS},
    note = {PBS.}
}

@online{crashcourse1,
    author = "CrashCourse",
    title = "Kant \& Categorical Imperatives: Crash Course Philosophy \#35",
    note = {YouTube. November 14, 2016.}
}

@online{crashcourse2,
    author = "CrashCourse",
    title = "Utilitarianism: Crash Course Philosophy \#36", 
    note = {YouTube. November 21, 2016.}}

@online{aws, 
    author = "AWS Marketplace", 
    title = "Data Labeling"}

@online{genetic,
    author = "Christina Farr",
    title = "If You Want Life Insurance, Think Twice Before Getting A Genetic Test",
    note = {Fast Company. Feburary 17, 2016.}}

@online{antitrust,
    author = "Wilson C. Freeman and Jay B. Sykes",
    title = "Antitrust and ``big tech''",
    note = {Congressional Research Service. September 11, 2019.}}

@online{facebook,
    author = "Mike Isaac",
    title = "How Facebook Is Changing to Deal With Scrutiny of Its Power",
    note = {The New York Times. August 12, 2019.}}

@online{monopoly,
    title = "Judiciary Antitrust Subcommittee Investigation Reveals Digital Economy Highly Concentrated, Impacted By Monopoly Power",
    note = {U.S. House Judiciary Committee. October 6, 2020.}
    }

@online{ai,
    author = "Cade Metz",
    title = "A.I. Is Learning From Humans. Many Humans", 
    note = {The New York Times. August 16, 2019.}}

@online{napkin,
    author = "Sarah Mervosh",
    title = "Jerry Westrom Threw Away a Napkin Last Month. It Was Used to Charge Him 
in a 1993 Murder",
    note = {The New York Times. February 17, 2019.}}

@online{amazon2,
    author = "RT America",
    title = "Peak consumerism: Amazon commercial glorifies boxes",
    note = {YouTube. January 3, 2018.}}

@online{ftc,
    title = "The Antitrust Laws",
    note = {Federal Trade Commission. June 11, 2013.}}